%YAML 1.1
%TAG !u! tag:unity3d.com,2011:
--- !u!1 &5096111312561081451
GameObject:
  m_ObjectHideFlags: 0
  m_CorrespondingSourceObject: {fileID: 0}
  m_PrefabInstance: {fileID: 0}
  m_PrefabAsset: {fileID: 0}
  serializedVersion: 6
  m_Component:
  - component: {fileID: 4829257883450268769}
  - component: {fileID: 5857126251952800221}
  - component: {fileID: 5827816730573169625}
  m_Layer: 0
  m_Name: cabinet00
  m_TagString: Untagged
  m_Icon: {fileID: 0}
  m_NavMeshLayer: 0
  m_StaticEditorFlags: 0
  m_IsActive: 1
--- !u!4 &4829257883450268769
Transform:
  m_ObjectHideFlags: 0
  m_CorrespondingSourceObject: {fileID: 0}
  m_PrefabInstance: {fileID: 0}
  m_PrefabAsset: {fileID: 0}
  m_GameObject: {fileID: 5096111312561081451}
  m_LocalRotation: {x: 0, y: 1, z: 0, w: 0}
  m_LocalPosition: {x: -5, y: -13.25, z: 0}
  m_LocalScale: {x: 1, y: 1, z: 1}
  m_Children:
  - {fileID: 4540608849293480918}
  - {fileID: 625332842107858960}
  m_Father: {fileID: 0}
  m_RootOrder: 0
  m_LocalEulerAnglesHint: {x: 0, y: 180, z: 0}
--- !u!212 &5857126251952800221
SpriteRenderer:
  m_ObjectHideFlags: 0
  m_CorrespondingSourceObject: {fileID: 0}
  m_PrefabInstance: {fileID: 0}
  m_PrefabAsset: {fileID: 0}
  m_GameObject: {fileID: 5096111312561081451}
  m_Enabled: 1
  m_CastShadows: 0
  m_ReceiveShadows: 0
  m_DynamicOccludee: 1
  m_MotionVectors: 1
  m_LightProbeUsage: 1
  m_ReflectionProbeUsage: 1
  m_RenderingLayerMask: 1
  m_RendererPriority: 0
  m_Materials:
  - {fileID: 10754, guid: 0000000000000000f000000000000000, type: 0}
  m_StaticBatchInfo:
    firstSubMesh: 0
    subMeshCount: 0
  m_StaticBatchRoot: {fileID: 0}
  m_ProbeAnchor: {fileID: 0}
  m_LightProbeVolumeOverride: {fileID: 0}
  m_ScaleInLightmap: 1
  m_ReceiveGI: 1
  m_PreserveUVs: 0
  m_IgnoreNormalsForChartDetection: 0
  m_ImportantGI: 0
  m_StitchLightmapSeams: 1
  m_SelectedEditorRenderState: 0
  m_MinimumChartSize: 4
  m_AutoUVMaxDistance: 0.5
  m_AutoUVMaxAngle: 89
  m_LightmapParameters: {fileID: 0}
  m_SortingLayerID: 0
  m_SortingLayer: 0
  m_SortingOrder: 1
  m_Sprite: {fileID: 21300000, guid: f499e01420e8a644aab62c36c0eff15a, type: 3}
  m_Color: {r: 1, g: 1, b: 1, a: 1}
  m_FlipX: 0
  m_FlipY: 0
  m_DrawMode: 0
  m_Size: {x: 2.56, y: 2.56}
  m_AdaptiveModeThreshold: 0.5
  m_SpriteTileMode: 0
  m_WasSpriteAssigned: 1
  m_MaskInteraction: 0
  m_SpriteSortPoint: 0
--- !u!60 &5827816730573169625
PolygonCollider2D:
  m_ObjectHideFlags: 0
  m_CorrespondingSourceObject: {fileID: 0}
  m_PrefabInstance: {fileID: 0}
  m_PrefabAsset: {fileID: 0}
  m_GameObject: {fileID: 5096111312561081451}
  m_Enabled: 1
  m_Density: 1
  m_Material: {fileID: 0}
  m_IsTrigger: 0
  m_UsedByEffector: 0
  m_UsedByComposite: 0
  m_Offset: {x: 0, y: 0}
  m_SpriteTilingProperty:
    border: {x: 0, y: 0, z: 0, w: 0}
    pivot: {x: 0.5, y: 0.5}
    oldSize: {x: 2.56, y: 2.56}
    newSize: {x: 2.56, y: 2.56}
    adaptiveTilingThreshold: 0.5
    drawMode: 0
    adaptiveTiling: 0
  m_AutoTiling: 0
  m_Points:
    m_Paths:
    - - {x: 0.41, y: 0.37}
      - {x: 0.32999998, y: 0.41}
      - {x: -0.02, y: 0.58}
      - {x: -0.08, y: 0.58}
      - {x: -0.13, y: 0.57}
      - {x: -0.28, y: 0.48}
      - {x: -0.29999998, y: 0.45999998}
      - {x: -0.29999998, y: -0.32}
      - {x: -0.25, y: -0.37}
      - {x: -0.17, y: -0.41}
      - {x: -0.04, y: -0.45999998}
      - {x: 0.03, y: -0.51}
      - {x: 0.17999999, y: -0.58}
      - {x: 0.24, y: -0.58}
      - {x: 0.29, y: -0.57}
      - {x: 0.44, y: -0.48}
      - {x: 0.45999998, y: -0.45999998}
      - {x: 0.45999998, y: 0.32}
--- !u!1 &6511904106373581161
GameObject:
  m_ObjectHideFlags: 0
  m_CorrespondingSourceObject: {fileID: 0}
  m_PrefabInstance: {fileID: 0}
  m_PrefabAsset: {fileID: 0}
  serializedVersion: 6
  m_Component:
  - component: {fileID: 4540608849293480918}
  - component: {fileID: 6567250963338973368}
  m_Layer: 0
  m_Name: highlight
  m_TagString: Untagged
  m_Icon: {fileID: 0}
  m_NavMeshLayer: 0
  m_StaticEditorFlags: 0
  m_IsActive: 0
--- !u!4 &4540608849293480918
Transform:
  m_ObjectHideFlags: 0
  m_CorrespondingSourceObject: {fileID: 0}
  m_PrefabInstance: {fileID: 0}
  m_PrefabAsset: {fileID: 0}
  m_GameObject: {fileID: 6511904106373581161}
  m_LocalRotation: {x: 0, y: 0, z: 0, w: 1}
  m_LocalPosition: {x: 0, y: 0.000001, z: 0}
  m_LocalScale: {x: 1, y: 1.02, z: 1}
  m_Children: []
  m_Father: {fileID: 4829257883450268769}
  m_RootOrder: 0
  m_LocalEulerAnglesHint: {x: 0, y: 0, z: 0}
--- !u!212 &6567250963338973368
SpriteRenderer:
  m_ObjectHideFlags: 0
  m_CorrespondingSourceObject: {fileID: 0}
  m_PrefabInstance: {fileID: 0}
  m_PrefabAsset: {fileID: 0}
  m_GameObject: {fileID: 6511904106373581161}
  m_Enabled: 1
  m_CastShadows: 0
  m_ReceiveShadows: 0
  m_DynamicOccludee: 1
  m_MotionVectors: 1
  m_LightProbeUsage: 1
  m_ReflectionProbeUsage: 1
  m_RenderingLayerMask: 1
  m_RendererPriority: 0
  m_Materials:
  - {fileID: 10754, guid: 0000000000000000f000000000000000, type: 0}
  m_StaticBatchInfo:
    firstSubMesh: 0
    subMeshCount: 0
  m_StaticBatchRoot: {fileID: 0}
  m_ProbeAnchor: {fileID: 0}
  m_LightProbeVolumeOverride: {fileID: 0}
  m_ScaleInLightmap: 1
  m_ReceiveGI: 1
  m_PreserveUVs: 0
  m_IgnoreNormalsForChartDetection: 0
  m_ImportantGI: 0
  m_StitchLightmapSeams: 1
  m_SelectedEditorRenderState: 0
  m_MinimumChartSize: 4
  m_AutoUVMaxDistance: 0.5
  m_AutoUVMaxAngle: 89
  m_LightmapParameters: {fileID: 0}
  m_SortingLayerID: 0
  m_SortingLayer: 0
  m_SortingOrder: 1
  m_Sprite: {fileID: 21300000, guid: 0da0cb96f88152c4a9a48813ad09a6ce, type: 3}
  m_Color: {r: 1, g: 1, b: 1, a: 1}
  m_FlipX: 0
  m_FlipY: 0
  m_DrawMode: 0
  m_Size: {x: 2.56, y: 2.56}
  m_AdaptiveModeThreshold: 0.5
  m_SpriteTileMode: 0
  m_WasSpriteAssigned: 1
  m_MaskInteraction: 0
  m_SpriteSortPoint: 0
--- !u!1001 &5993492603160517324
PrefabInstance:
  m_ObjectHideFlags: 0
  serializedVersion: 2
  m_Modification:
    m_TransformParent: {fileID: 4829257883450268769}
    m_Modifications:
    - target: {fileID: 4272779450655430573, guid: 11e0cc13d52d81b4aa72b2e1c9a5e8c7,
        type: 3}
      propertyPath: m_Name
      value: triggerhighlight
      objectReference: {fileID: 0}
    - target: {fileID: 6593420679350659804, guid: 11e0cc13d52d81b4aa72b2e1c9a5e8c7,
        type: 3}
      propertyPath: m_LocalPosition.x
      value: 0.017
      objectReference: {fileID: 0}
    - target: {fileID: 6593420679350659804, guid: 11e0cc13d52d81b4aa72b2e1c9a5e8c7,
        type: 3}
      propertyPath: m_LocalPosition.y
      value: -0.035
      objectReference: {fileID: 0}
    - target: {fileID: 6593420679350659804, guid: 11e0cc13d52d81b4aa72b2e1c9a5e8c7,
        type: 3}
      propertyPath: m_LocalPosition.z
      value: -0.997774
      objectReference: {fileID: 0}
    - target: {fileID: 6593420679350659804, guid: 11e0cc13d52d81b4aa72b2e1c9a5e8c7,
        type: 3}
      propertyPath: m_LocalRotation.x
      value: -0
      objectReference: {fileID: 0}
    - target: {fileID: 6593420679350659804, guid: 11e0cc13d52d81b4aa72b2e1c9a5e8c7,
        type: 3}
      propertyPath: m_LocalRotation.y
      value: -0
      objectReference: {fileID: 0}
    - target: {fileID: 6593420679350659804, guid: 11e0cc13d52d81b4aa72b2e1c9a5e8c7,
        type: 3}
      propertyPath: m_LocalRotation.z
      value: -0
      objectReference: {fileID: 0}
    - target: {fileID: 6593420679350659804, guid: 11e0cc13d52d81b4aa72b2e1c9a5e8c7,
        type: 3}
      propertyPath: m_LocalRotation.w
      value: 1
      objectReference: {fileID: 0}
    - target: {fileID: 6593420679350659804, guid: 11e0cc13d52d81b4aa72b2e1c9a5e8c7,
        type: 3}
      propertyPath: m_RootOrder
      value: 1
      objectReference: {fileID: 0}
    - target: {fileID: 6593420679350659804, guid: 11e0cc13d52d81b4aa72b2e1c9a5e8c7,
        type: 3}
      propertyPath: m_LocalEulerAnglesHint.x
      value: 0
      objectReference: {fileID: 0}
    - target: {fileID: 6593420679350659804, guid: 11e0cc13d52d81b4aa72b2e1c9a5e8c7,
        type: 3}
      propertyPath: m_LocalEulerAnglesHint.y
      value: 0
      objectReference: {fileID: 0}
    - target: {fileID: 6593420679350659804, guid: 11e0cc13d52d81b4aa72b2e1c9a5e8c7,
        type: 3}
      propertyPath: m_LocalEulerAnglesHint.z
      value: 0
      objectReference: {fileID: 0}
    - target: {fileID: 6325103467470626295, guid: 11e0cc13d52d81b4aa72b2e1c9a5e8c7,
        type: 3}
      propertyPath: fsm.states.Array.data[0].actionData.fsmOwnerDefaultParams.Array.data[0].gameObject.value
      value: 
      objectReference: {fileID: 6511904106373581161}
    - target: {fileID: 6325103467470626295, guid: 11e0cc13d52d81b4aa72b2e1c9a5e8c7,
        type: 3}
      propertyPath: fsm.states.Array.data[1].actionData.fsmOwnerDefaultParams.Array.data[0].gameObject.value
      value: 
      objectReference: {fileID: 6511904106373581161}
    m_RemovedComponents: []
  m_SourcePrefab: {fileID: 100100000, guid: 11e0cc13d52d81b4aa72b2e1c9a5e8c7, type: 3}
--- !u!4 &625332842107858960 stripped
Transform:
  m_CorrespondingSourceObject: {fileID: 6593420679350659804, guid: 11e0cc13d52d81b4aa72b2e1c9a5e8c7,
    type: 3}
  m_PrefabInstance: {fileID: 5993492603160517324}
  m_PrefabAsset: {fileID: 0}
