%YAML 1.1
%TAG !u! tag:unity3d.com,2011:
--- !u!29 &1
OcclusionCullingSettings:
  m_ObjectHideFlags: 0
  serializedVersion: 2
  m_OcclusionBakeSettings:
    smallestOccluder: 5
    smallestHole: 0.25
    backfaceThreshold: 100
  m_SceneGUID: 00000000000000000000000000000000
  m_OcclusionCullingData: {fileID: 0}
--- !u!104 &2
RenderSettings:
  m_ObjectHideFlags: 0
  serializedVersion: 9
  m_Fog: 0
  m_FogColor: {r: 0.5, g: 0.5, b: 0.5, a: 1}
  m_FogMode: 3
  m_FogDensity: 0.01
  m_LinearFogStart: 0
  m_LinearFogEnd: 300
  m_AmbientSkyColor: {r: 0.212, g: 0.227, b: 0.259, a: 1}
  m_AmbientEquatorColor: {r: 0.114, g: 0.125, b: 0.133, a: 1}
  m_AmbientGroundColor: {r: 0.047, g: 0.043, b: 0.035, a: 1}
  m_AmbientIntensity: 1
  m_AmbientMode: 3
  m_SubtractiveShadowColor: {r: 0.42, g: 0.478, b: 0.627, a: 1}
  m_SkyboxMaterial: {fileID: 0}
  m_HaloStrength: 0.5
  m_FlareStrength: 1
  m_FlareFadeSpeed: 3
  m_HaloTexture: {fileID: 0}
  m_SpotCookie: {fileID: 10001, guid: 0000000000000000e000000000000000, type: 0}
  m_DefaultReflectionMode: 0
  m_DefaultReflectionResolution: 128
  m_ReflectionBounces: 1
  m_ReflectionIntensity: 1
  m_CustomReflection: {fileID: 0}
  m_Sun: {fileID: 0}
  m_IndirectSpecularColor: {r: 0, g: 0, b: 0, a: 1}
  m_UseRadianceAmbientProbe: 0
--- !u!157 &3
LightmapSettings:
  m_ObjectHideFlags: 0
  serializedVersion: 11
  m_GIWorkflowMode: 1
  m_GISettings:
    serializedVersion: 2
    m_BounceScale: 1
    m_IndirectOutputScale: 1
    m_AlbedoBoost: 1
    m_EnvironmentLightingMode: 0
    m_EnableBakedLightmaps: 0
    m_EnableRealtimeLightmaps: 0
  m_LightmapEditorSettings:
    serializedVersion: 12
    m_Resolution: 2
    m_BakeResolution: 40
    m_AtlasSize: 1024
    m_AO: 0
    m_AOMaxDistance: 1
    m_CompAOExponent: 1
    m_CompAOExponentDirect: 0
    m_ExtractAmbientOcclusion: 0
    m_Padding: 2
    m_LightmapParameters: {fileID: 0}
    m_LightmapsBakeMode: 1
    m_TextureCompression: 1
    m_FinalGather: 0
    m_FinalGatherFiltering: 1
    m_FinalGatherRayCount: 256
    m_ReflectionCompression: 2
    m_MixedBakeMode: 2
    m_BakeBackend: 1
    m_PVRSampling: 1
    m_PVRDirectSampleCount: 32
    m_PVRSampleCount: 512
    m_PVRBounces: 2
    m_PVREnvironmentSampleCount: 256
    m_PVREnvironmentReferencePointCount: 2048
    m_PVRFilteringMode: 1
    m_PVRDenoiserTypeDirect: 1
    m_PVRDenoiserTypeIndirect: 1
    m_PVRDenoiserTypeAO: 1
    m_PVRFilterTypeDirect: 0
    m_PVRFilterTypeIndirect: 0
    m_PVRFilterTypeAO: 0
    m_PVREnvironmentMIS: 1
    m_PVRCulling: 1
    m_PVRFilteringGaussRadiusDirect: 1
    m_PVRFilteringGaussRadiusIndirect: 5
    m_PVRFilteringGaussRadiusAO: 2
    m_PVRFilteringAtrousPositionSigmaDirect: 0.5
    m_PVRFilteringAtrousPositionSigmaIndirect: 2
    m_PVRFilteringAtrousPositionSigmaAO: 1
    m_ExportTrainingData: 0
    m_TrainingDataDestination: TrainingData
  m_LightingDataAsset: {fileID: 0}
  m_UseShadowmask: 1
--- !u!196 &4
NavMeshSettings:
  serializedVersion: 2
  m_ObjectHideFlags: 0
  m_BuildSettings:
    serializedVersion: 2
    agentTypeID: 0
    agentRadius: 0.5
    agentHeight: 2
    agentSlope: 45
    agentClimb: 0.4
    ledgeDropHeight: 0
    maxJumpAcrossDistance: 0
    minRegionArea: 2
    manualCellSize: 0
    cellSize: 0.16666667
    manualTileSize: 0
    tileSize: 256
    accuratePlacement: 0
    debug:
      m_Flags: 0
  m_NavMeshData: {fileID: 0}
--- !u!1 &186076776 stripped
GameObject:
  m_CorrespondingSourceObject: {fileID: 5219859619038430599, guid: 3aa199906bdfc8045b1164196bb0e727,
    type: 3}
  m_PrefabInstance: {fileID: 809896882}
  m_PrefabAsset: {fileID: 0}
--- !u!1001 &809896882
PrefabInstance:
  m_ObjectHideFlags: 0
  serializedVersion: 2
  m_Modification:
    m_TransformParent: {fileID: 0}
    m_Modifications:
    - target: {fileID: 864441033994989770, guid: 3aa199906bdfc8045b1164196bb0e727,
        type: 3}
      propertyPath: m_Name
      value: Player (1)
      objectReference: {fileID: 0}
    - target: {fileID: 864441033994989750, guid: 3aa199906bdfc8045b1164196bb0e727,
        type: 3}
      propertyPath: m_LocalPosition.x
      value: -9.8
      objectReference: {fileID: 0}
    - target: {fileID: 864441033994989750, guid: 3aa199906bdfc8045b1164196bb0e727,
        type: 3}
      propertyPath: m_LocalPosition.y
      value: 13.3
      objectReference: {fileID: 0}
    - target: {fileID: 864441033994989750, guid: 3aa199906bdfc8045b1164196bb0e727,
        type: 3}
      propertyPath: m_LocalPosition.z
      value: 0
      objectReference: {fileID: 0}
    - target: {fileID: 864441033994989750, guid: 3aa199906bdfc8045b1164196bb0e727,
        type: 3}
      propertyPath: m_LocalRotation.x
      value: -0
      objectReference: {fileID: 0}
    - target: {fileID: 864441033994989750, guid: 3aa199906bdfc8045b1164196bb0e727,
        type: 3}
      propertyPath: m_LocalRotation.y
      value: -0
      objectReference: {fileID: 0}
    - target: {fileID: 864441033994989750, guid: 3aa199906bdfc8045b1164196bb0e727,
        type: 3}
      propertyPath: m_LocalRotation.z
      value: -0
      objectReference: {fileID: 0}
    - target: {fileID: 864441033994989750, guid: 3aa199906bdfc8045b1164196bb0e727,
        type: 3}
      propertyPath: m_LocalRotation.w
      value: 1
      objectReference: {fileID: 0}
    - target: {fileID: 864441033994989750, guid: 3aa199906bdfc8045b1164196bb0e727,
        type: 3}
      propertyPath: m_RootOrder
      value: 1
      objectReference: {fileID: 0}
    - target: {fileID: 864441033994989750, guid: 3aa199906bdfc8045b1164196bb0e727,
        type: 3}
      propertyPath: m_LocalEulerAnglesHint.x
      value: 0
      objectReference: {fileID: 0}
    - target: {fileID: 864441033994989750, guid: 3aa199906bdfc8045b1164196bb0e727,
        type: 3}
      propertyPath: m_LocalEulerAnglesHint.y
      value: 0
      objectReference: {fileID: 0}
    - target: {fileID: 864441033994989750, guid: 3aa199906bdfc8045b1164196bb0e727,
        type: 3}
      propertyPath: m_LocalEulerAnglesHint.z
      value: 0
      objectReference: {fileID: 0}
    - target: {fileID: 864441033994989771, guid: 3aa199906bdfc8045b1164196bb0e727,
        type: 3}
      propertyPath: m_Enabled
      value: 0
      objectReference: {fileID: 0}
    m_RemovedComponents: []
  m_SourcePrefab: {fileID: 100100000, guid: 3aa199906bdfc8045b1164196bb0e727, type: 3}
--- !u!114 &809896883 stripped
MonoBehaviour:
  m_CorrespondingSourceObject: {fileID: 864441033994989771, guid: 3aa199906bdfc8045b1164196bb0e727,
    type: 3}
  m_PrefabInstance: {fileID: 809896882}
  m_PrefabAsset: {fileID: 0}
  m_GameObject: {fileID: 0}
  m_Enabled: 0
  m_EditorHideFlags: 0
  m_Script: {fileID: 11500000, guid: 9088d701efce34241a7ff1d2239cf214, type: 3}
  m_Name: 
  m_EditorClassIdentifier: 
--- !u!1 &923111000
GameObject:
  m_ObjectHideFlags: 0
  m_CorrespondingSourceObject: {fileID: 0}
  m_PrefabInstance: {fileID: 0}
  m_PrefabAsset: {fileID: 0}
  serializedVersion: 6
  m_Component:
  - component: {fileID: 923111002}
  - component: {fileID: 923111001}
  m_Layer: 0
  m_Name: PlayMakerGUI
  m_TagString: Untagged
  m_Icon: {fileID: 0}
  m_NavMeshLayer: 0
  m_StaticEditorFlags: 0
  m_IsActive: 1
--- !u!114 &923111001
MonoBehaviour:
  m_ObjectHideFlags: 0
  m_CorrespondingSourceObject: {fileID: 0}
  m_PrefabInstance: {fileID: 0}
  m_PrefabAsset: {fileID: 0}
  m_GameObject: {fileID: 923111000}
  m_Enabled: 1
  m_EditorHideFlags: 0
  m_Script: {fileID: -73581967, guid: e743331561ef77147ae48cda9bcb8209, type: 3}
  m_Name: 
  m_EditorClassIdentifier: 
  previewOnGUI: 1
  enableGUILayout: 1
  drawStateLabels: 1
  enableStateLabelsInBuilds: 0
  GUITextureStateLabels: 0
  GUITextStateLabels: 0
  filterLabelsWithDistance: 0
  maxLabelDistance: 10
  controlMouseCursor: 1
  labelScale: 1
--- !u!4 &923111002
Transform:
  m_ObjectHideFlags: 0
  m_CorrespondingSourceObject: {fileID: 0}
  m_PrefabInstance: {fileID: 0}
  m_PrefabAsset: {fileID: 0}
  m_GameObject: {fileID: 923111000}
  m_LocalRotation: {x: 0, y: 0, z: 0, w: 1}
  m_LocalPosition: {x: 0, y: 0, z: 0}
  m_LocalScale: {x: 1, y: 1, z: 1}
  m_Children: []
  m_Father: {fileID: 0}
  m_RootOrder: 2
  m_LocalEulerAnglesHint: {x: 0, y: 0, z: 0}
--- !u!1001 &1699687436
PrefabInstance:
  m_ObjectHideFlags: 0
  serializedVersion: 2
  m_Modification:
    m_TransformParent: {fileID: 0}
    m_Modifications:
    - target: {fileID: 153386617771104345, guid: f715a6d5b49b7f449a211d45a5aaabe9,
        type: 3}
      propertyPath: m_Name
      value: UI
      objectReference: {fileID: 0}
    - target: {fileID: 153386617771104344, guid: f715a6d5b49b7f449a211d45a5aaabe9,
        type: 3}
      propertyPath: m_LocalPosition.x
      value: 0.3393966
      objectReference: {fileID: 0}
    - target: {fileID: 153386617771104344, guid: f715a6d5b49b7f449a211d45a5aaabe9,
        type: 3}
      propertyPath: m_LocalPosition.y
      value: -0.8687404
      objectReference: {fileID: 0}
    - target: {fileID: 153386617771104344, guid: f715a6d5b49b7f449a211d45a5aaabe9,
        type: 3}
      propertyPath: m_LocalPosition.z
      value: -0.290101
      objectReference: {fileID: 0}
    - target: {fileID: 153386617771104344, guid: f715a6d5b49b7f449a211d45a5aaabe9,
        type: 3}
      propertyPath: m_LocalRotation.x
      value: 0
      objectReference: {fileID: 0}
    - target: {fileID: 153386617771104344, guid: f715a6d5b49b7f449a211d45a5aaabe9,
        type: 3}
      propertyPath: m_LocalRotation.y
      value: 0
      objectReference: {fileID: 0}
    - target: {fileID: 153386617771104344, guid: f715a6d5b49b7f449a211d45a5aaabe9,
        type: 3}
      propertyPath: m_LocalRotation.z
      value: 0
      objectReference: {fileID: 0}
    - target: {fileID: 153386617771104344, guid: f715a6d5b49b7f449a211d45a5aaabe9,
        type: 3}
      propertyPath: m_LocalRotation.w
      value: 1
      objectReference: {fileID: 0}
    - target: {fileID: 153386617771104344, guid: f715a6d5b49b7f449a211d45a5aaabe9,
        type: 3}
      propertyPath: m_RootOrder
      value: 4
      objectReference: {fileID: 0}
    - target: {fileID: 153386617771104344, guid: f715a6d5b49b7f449a211d45a5aaabe9,
        type: 3}
      propertyPath: m_LocalEulerAnglesHint.x
      value: 0
      objectReference: {fileID: 0}
    - target: {fileID: 153386617771104344, guid: f715a6d5b49b7f449a211d45a5aaabe9,
        type: 3}
      propertyPath: m_LocalEulerAnglesHint.y
      value: 0
      objectReference: {fileID: 0}
    - target: {fileID: 153386617771104344, guid: f715a6d5b49b7f449a211d45a5aaabe9,
        type: 3}
      propertyPath: m_LocalEulerAnglesHint.z
      value: 0
      objectReference: {fileID: 0}
    - target: {fileID: 153386617650910221, guid: f715a6d5b49b7f449a211d45a5aaabe9,
        type: 3}
      propertyPath: m_LocalPosition.z
      value: 0
      objectReference: {fileID: 0}
    - target: {fileID: 153386617650910220, guid: f715a6d5b49b7f449a211d45a5aaabe9,
        type: 3}
      propertyPath: DiaManager
      value: 
      objectReference: {fileID: 1874564480}
    m_RemovedComponents: []
  m_SourcePrefab: {fileID: 100100000, guid: f715a6d5b49b7f449a211d45a5aaabe9, type: 3}
--- !u!1001 &1874564479
PrefabInstance:
  m_ObjectHideFlags: 0
  serializedVersion: 2
  m_Modification:
    m_TransformParent: {fileID: 0}
    m_Modifications:
    - target: {fileID: 6123658822776151480, guid: 0c7266da62fd2204d832cba9e27ab39e,
        type: 3}
      propertyPath: m_Name
      value: Provadialogo
      objectReference: {fileID: 0}
    - target: {fileID: 4338713256425751856, guid: 0c7266da62fd2204d832cba9e27ab39e,
        type: 3}
      propertyPath: m_LocalPosition.x
      value: -0.3583458
      objectReference: {fileID: 0}
    - target: {fileID: 4338713256425751856, guid: 0c7266da62fd2204d832cba9e27ab39e,
        type: 3}
      propertyPath: m_LocalPosition.y
      value: -1.1702223
      objectReference: {fileID: 0}
    - target: {fileID: 4338713256425751856, guid: 0c7266da62fd2204d832cba9e27ab39e,
        type: 3}
      propertyPath: m_LocalPosition.z
      value: -2.7753906
      objectReference: {fileID: 0}
    - target: {fileID: 4338713256425751856, guid: 0c7266da62fd2204d832cba9e27ab39e,
        type: 3}
      propertyPath: m_LocalRotation.x
      value: 0
      objectReference: {fileID: 0}
    - target: {fileID: 4338713256425751856, guid: 0c7266da62fd2204d832cba9e27ab39e,
        type: 3}
      propertyPath: m_LocalRotation.y
      value: 0
      objectReference: {fileID: 0}
    - target: {fileID: 4338713256425751856, guid: 0c7266da62fd2204d832cba9e27ab39e,
        type: 3}
      propertyPath: m_LocalRotation.z
      value: 0
      objectReference: {fileID: 0}
    - target: {fileID: 4338713256425751856, guid: 0c7266da62fd2204d832cba9e27ab39e,
        type: 3}
      propertyPath: m_LocalRotation.w
      value: 1
      objectReference: {fileID: 0}
    - target: {fileID: 4338713256425751856, guid: 0c7266da62fd2204d832cba9e27ab39e,
        type: 3}
      propertyPath: m_RootOrder
      value: 3
      objectReference: {fileID: 0}
    - target: {fileID: 4338713256425751856, guid: 0c7266da62fd2204d832cba9e27ab39e,
        type: 3}
      propertyPath: m_LocalEulerAnglesHint.x
      value: 0
      objectReference: {fileID: 0}
    - target: {fileID: 4338713256425751856, guid: 0c7266da62fd2204d832cba9e27ab39e,
        type: 3}
      propertyPath: m_LocalEulerAnglesHint.y
      value: 0
      objectReference: {fileID: 0}
    - target: {fileID: 4338713256425751856, guid: 0c7266da62fd2204d832cba9e27ab39e,
        type: 3}
      propertyPath: m_LocalEulerAnglesHint.z
      value: 0
      objectReference: {fileID: 0}
    - target: {fileID: 1343341083025698111, guid: 0c7266da62fd2204d832cba9e27ab39e,
        type: 3}
      propertyPath: m_LocalPosition.z
      value: 0
      objectReference: {fileID: 0}
    - target: {fileID: 1343341083629859392, guid: 0c7266da62fd2204d832cba9e27ab39e,
        type: 3}
      propertyPath: m_textInfo.characterCount
      value: 0
      objectReference: {fileID: 0}
    - target: {fileID: 1343341083629859392, guid: 0c7266da62fd2204d832cba9e27ab39e,
        type: 3}
      propertyPath: m_textInfo.wordCount
      value: 0
      objectReference: {fileID: 0}
    - target: {fileID: 1343341083629859392, guid: 0c7266da62fd2204d832cba9e27ab39e,
        type: 3}
      propertyPath: m_textInfo.lineCount
      value: 0
      objectReference: {fileID: 0}
    - target: {fileID: 1343341083629859392, guid: 0c7266da62fd2204d832cba9e27ab39e,
        type: 3}
      propertyPath: m_textInfo.pageCount
      value: 0
      objectReference: {fileID: 0}
    - target: {fileID: 1343341084286049260, guid: 0c7266da62fd2204d832cba9e27ab39e,
        type: 3}
      propertyPath: sentences.Array.size
      value: 1
      objectReference: {fileID: 0}
    - target: {fileID: 1343341084286049260, guid: 0c7266da62fd2204d832cba9e27ab39e,
        type: 3}
      propertyPath: ComponentPlayer
      value: 
      objectReference: {fileID: 809896883}
    - target: {fileID: 1343341084286049260, guid: 0c7266da62fd2204d832cba9e27ab39e,
        type: 3}
      propertyPath: bottoneAvanti
      value: 
      objectReference: {fileID: 1874564481}
    - target: {fileID: 1343341084286049260, guid: 0c7266da62fd2204d832cba9e27ab39e,
        type: 3}
      propertyPath: sentences.Array.data[0]
      value: '"NARRATORE": Sai contare, giusto?'
      objectReference: {fileID: 0}
    - target: {fileID: 1343341084286049260, guid: 0c7266da62fd2204d832cba9e27ab39e,
        type: 3}
      propertyPath: Panel
      value: 
      objectReference: {fileID: 1874564480}
    m_RemovedComponents: []
  m_SourcePrefab: {fileID: 100100000, guid: 0c7266da62fd2204d832cba9e27ab39e, type: 3}
--- !u!1 &1874564480 stripped
GameObject:
  m_CorrespondingSourceObject: {fileID: 1343341083025698110, guid: 0c7266da62fd2204d832cba9e27ab39e,
    type: 3}
  m_PrefabInstance: {fileID: 1874564479}
  m_PrefabAsset: {fileID: 0}
--- !u!1 &1874564481 stripped
GameObject:
  m_CorrespondingSourceObject: {fileID: 1343341083629859453, guid: 0c7266da62fd2204d832cba9e27ab39e,
    type: 3}
  m_PrefabInstance: {fileID: 1874564479}
  m_PrefabAsset: {fileID: 0}
--- !u!4 &694990326731936648
Transform:
  m_ObjectHideFlags: 0
  m_CorrespondingSourceObject: {fileID: 0}
  m_PrefabInstance: {fileID: 0}
  m_PrefabAsset: {fileID: 0}
  m_GameObject: {fileID: 694990326731936654}
  m_LocalRotation: {x: -0, y: -0, z: -0, w: 1}
  m_LocalPosition: {x: -1.6863041, y: -0.20266438, z: 0.2542553}
  m_LocalScale: {x: 1, y: 1, z: 1}
  m_Children: []
  m_Father: {fileID: 8428932466093909327}
  m_RootOrder: 5
  m_LocalEulerAnglesHint: {x: 0, y: 0, z: 0}
--- !u!212 &694990326731936649
SpriteRenderer:
  m_ObjectHideFlags: 0
  m_CorrespondingSourceObject: {fileID: 0}
  m_PrefabInstance: {fileID: 0}
  m_PrefabAsset: {fileID: 0}
  m_GameObject: {fileID: 694990326731936654}
  m_Enabled: 1
  m_CastShadows: 0
  m_ReceiveShadows: 0
  m_DynamicOccludee: 1
  m_MotionVectors: 1
  m_LightProbeUsage: 1
  m_ReflectionProbeUsage: 1
  m_RenderingLayerMask: 1
  m_RendererPriority: 0
  m_Materials:
  - {fileID: 10754, guid: 0000000000000000f000000000000000, type: 0}
  m_StaticBatchInfo:
    firstSubMesh: 0
    subMeshCount: 0
  m_StaticBatchRoot: {fileID: 0}
  m_ProbeAnchor: {fileID: 0}
  m_LightProbeVolumeOverride: {fileID: 0}
  m_ScaleInLightmap: 1
  m_ReceiveGI: 1
  m_PreserveUVs: 0
  m_IgnoreNormalsForChartDetection: 0
  m_ImportantGI: 0
  m_StitchLightmapSeams: 1
  m_SelectedEditorRenderState: 0
  m_MinimumChartSize: 4
  m_AutoUVMaxDistance: 0.5
  m_AutoUVMaxAngle: 89
  m_LightmapParameters: {fileID: 0}
  m_SortingLayerID: 0
  m_SortingLayer: 0
  m_SortingOrder: 2
  m_Sprite: {fileID: 6994552295622372942, guid: f9a9508166274214d855dc25b5085d6e,
    type: 3}
  m_Color: {r: 1, g: 1, b: 1, a: 1}
  m_FlipX: 0
  m_FlipY: 0
  m_DrawMode: 0
  m_Size: {x: 0.125, y: 0.21875}
  m_AdaptiveModeThreshold: 0.5
  m_SpriteTileMode: 0
  m_WasSpriteAssigned: 1
  m_MaskInteraction: 0
  m_SpriteSortPoint: 0
--- !u!1 &694990326731936654
GameObject:
  m_ObjectHideFlags: 0
  m_CorrespondingSourceObject: {fileID: 0}
  m_PrefabInstance: {fileID: 0}
  m_PrefabAsset: {fileID: 0}
  serializedVersion: 6
  m_Component:
  - component: {fileID: 694990326731936648}
  - component: {fileID: 694990326731936649}
  m_Layer: 0
  m_Name: numbers01_3
  m_TagString: Untagged
  m_Icon: {fileID: 0}
  m_NavMeshLayer: 0
  m_StaticEditorFlags: 0
  m_IsActive: 1
--- !u!4 &694990327236551764
Transform:
  m_ObjectHideFlags: 0
  m_CorrespondingSourceObject: {fileID: 0}
  m_PrefabInstance: {fileID: 0}
  m_PrefabAsset: {fileID: 0}
  m_GameObject: {fileID: 694990327236551770}
  m_LocalRotation: {x: -0, y: -0, z: -0, w: 1}
  m_LocalPosition: {x: -1.7093039, y: -0.25666475, z: 0.2542553}
  m_LocalScale: {x: 1, y: 1, z: 1}
  m_Children: []
  m_Father: {fileID: 8428932466093909326}
  m_RootOrder: 5
  m_LocalEulerAnglesHint: {x: 0, y: 0, z: 0}
--- !u!212 &694990327236551765
SpriteRenderer:
  m_ObjectHideFlags: 0
  m_CorrespondingSourceObject: {fileID: 0}
  m_PrefabInstance: {fileID: 0}
  m_PrefabAsset: {fileID: 0}
  m_GameObject: {fileID: 694990327236551770}
  m_Enabled: 1
  m_CastShadows: 0
  m_ReceiveShadows: 0
  m_DynamicOccludee: 1
  m_MotionVectors: 1
  m_LightProbeUsage: 1
  m_ReflectionProbeUsage: 1
  m_RenderingLayerMask: 1
  m_RendererPriority: 0
  m_Materials:
  - {fileID: 10754, guid: 0000000000000000f000000000000000, type: 0}
  m_StaticBatchInfo:
    firstSubMesh: 0
    subMeshCount: 0
  m_StaticBatchRoot: {fileID: 0}
  m_ProbeAnchor: {fileID: 0}
  m_LightProbeVolumeOverride: {fileID: 0}
  m_ScaleInLightmap: 1
  m_ReceiveGI: 1
  m_PreserveUVs: 0
  m_IgnoreNormalsForChartDetection: 0
  m_ImportantGI: 0
  m_StitchLightmapSeams: 1
  m_SelectedEditorRenderState: 0
  m_MinimumChartSize: 4
  m_AutoUVMaxDistance: 0.5
  m_AutoUVMaxAngle: 89
  m_LightmapParameters: {fileID: 0}
  m_SortingLayerID: 0
  m_SortingLayer: 0
  m_SortingOrder: 2
  m_Sprite: {fileID: 491133451391266006, guid: f9a9508166274214d855dc25b5085d6e, type: 3}
  m_Color: {r: 1, g: 1, b: 1, a: 1}
  m_FlipX: 0
  m_FlipY: 0
  m_DrawMode: 0
  m_Size: {x: 0.125, y: 0.21875}
  m_AdaptiveModeThreshold: 0.5
  m_SpriteTileMode: 0
  m_WasSpriteAssigned: 1
  m_MaskInteraction: 0
  m_SpriteSortPoint: 0
--- !u!1 &694990327236551770
GameObject:
  m_ObjectHideFlags: 0
  m_CorrespondingSourceObject: {fileID: 0}
  m_PrefabInstance: {fileID: 0}
  m_PrefabAsset: {fileID: 0}
  serializedVersion: 6
  m_Component:
  - component: {fileID: 694990327236551764}
  - component: {fileID: 694990327236551765}
  m_Layer: 0
  m_Name: numbers01_4
  m_TagString: Untagged
  m_Icon: {fileID: 0}
  m_NavMeshLayer: 0
  m_StaticEditorFlags: 0
  m_IsActive: 1
--- !u!1 &694990327527713856
GameObject:
  m_ObjectHideFlags: 0
  m_CorrespondingSourceObject: {fileID: 0}
  m_PrefabInstance: {fileID: 0}
  m_PrefabAsset: {fileID: 0}
  serializedVersion: 6
  m_Component:
  - component: {fileID: 694990327527713858}
  - component: {fileID: 694990327527713859}
  m_Layer: 0
  m_Name: numbers01_2
  m_TagString: Untagged
  m_Icon: {fileID: 0}
  m_NavMeshLayer: 0
  m_StaticEditorFlags: 0
  m_IsActive: 1
--- !u!4 &694990327527713858
Transform:
  m_ObjectHideFlags: 0
  m_CorrespondingSourceObject: {fileID: 0}
  m_PrefabInstance: {fileID: 0}
  m_PrefabAsset: {fileID: 0}
  m_GameObject: {fileID: 694990327527713856}
  m_LocalRotation: {x: -0, y: -0, z: -0, w: 1}
  m_LocalPosition: {x: -1.9163036, y: -0.22266436, z: 0.2542553}
  m_LocalScale: {x: 1, y: 1, z: 1}
  m_Children: []
  m_Father: {fileID: 8428932466093909328}
  m_RootOrder: 5
  m_LocalEulerAnglesHint: {x: 0, y: 0, z: 0}
--- !u!212 &694990327527713859
SpriteRenderer:
  m_ObjectHideFlags: 0
  m_CorrespondingSourceObject: {fileID: 0}
  m_PrefabInstance: {fileID: 0}
  m_PrefabAsset: {fileID: 0}
  m_GameObject: {fileID: 694990327527713856}
  m_Enabled: 1
  m_CastShadows: 0
  m_ReceiveShadows: 0
  m_DynamicOccludee: 1
  m_MotionVectors: 1
  m_LightProbeUsage: 1
  m_ReflectionProbeUsage: 1
  m_RenderingLayerMask: 1
  m_RendererPriority: 0
  m_Materials:
  - {fileID: 10754, guid: 0000000000000000f000000000000000, type: 0}
  m_StaticBatchInfo:
    firstSubMesh: 0
    subMeshCount: 0
  m_StaticBatchRoot: {fileID: 0}
  m_ProbeAnchor: {fileID: 0}
  m_LightProbeVolumeOverride: {fileID: 0}
  m_ScaleInLightmap: 1
  m_ReceiveGI: 1
  m_PreserveUVs: 0
  m_IgnoreNormalsForChartDetection: 0
  m_ImportantGI: 0
  m_StitchLightmapSeams: 1
  m_SelectedEditorRenderState: 0
  m_MinimumChartSize: 4
  m_AutoUVMaxDistance: 0.5
  m_AutoUVMaxAngle: 89
  m_LightmapParameters: {fileID: 0}
  m_SortingLayerID: 0
  m_SortingLayer: 0
  m_SortingOrder: 2
  m_Sprite: {fileID: 8639395581951479107, guid: f9a9508166274214d855dc25b5085d6e,
    type: 3}
  m_Color: {r: 1, g: 1, b: 1, a: 1}
  m_FlipX: 0
  m_FlipY: 0
  m_DrawMode: 0
  m_Size: {x: 0.125, y: 0.21875}
  m_AdaptiveModeThreshold: 0.5
  m_SpriteTileMode: 0
  m_WasSpriteAssigned: 1
  m_MaskInteraction: 0
  m_SpriteSortPoint: 0
--- !u!4 &694990327809932172
Transform:
  m_ObjectHideFlags: 0
  m_CorrespondingSourceObject: {fileID: 0}
  m_PrefabInstance: {fileID: 0}
  m_PrefabAsset: {fileID: 0}
  m_GameObject: {fileID: 694990327809932178}
  m_LocalRotation: {x: -0, y: -0, z: -0, w: 1}
  m_LocalPosition: {x: -1.7563038, y: -0.3326645, z: 0.2542553}
  m_LocalScale: {x: 1, y: 1, z: 1}
  m_Children: []
  m_Father: {fileID: 8428932466093909330}
  m_RootOrder: 6
  m_LocalEulerAnglesHint: {x: 0, y: 0, z: 0}
--- !u!212 &694990327809932173
SpriteRenderer:
  m_ObjectHideFlags: 0
  m_CorrespondingSourceObject: {fileID: 0}
  m_PrefabInstance: {fileID: 0}
  m_PrefabAsset: {fileID: 0}
  m_GameObject: {fileID: 694990327809932178}
  m_Enabled: 1
  m_CastShadows: 0
  m_ReceiveShadows: 0
  m_DynamicOccludee: 1
  m_MotionVectors: 1
  m_LightProbeUsage: 1
  m_ReflectionProbeUsage: 1
  m_RenderingLayerMask: 1
  m_RendererPriority: 0
  m_Materials:
  - {fileID: 10754, guid: 0000000000000000f000000000000000, type: 0}
  m_StaticBatchInfo:
    firstSubMesh: 0
    subMeshCount: 0
  m_StaticBatchRoot: {fileID: 0}
  m_ProbeAnchor: {fileID: 0}
  m_LightProbeVolumeOverride: {fileID: 0}
  m_ScaleInLightmap: 1
  m_ReceiveGI: 1
  m_PreserveUVs: 0
  m_IgnoreNormalsForChartDetection: 0
  m_ImportantGI: 0
  m_StitchLightmapSeams: 1
  m_SelectedEditorRenderState: 0
  m_MinimumChartSize: 4
  m_AutoUVMaxDistance: 0.5
  m_AutoUVMaxAngle: 89
  m_LightmapParameters: {fileID: 0}
  m_SortingLayerID: 0
  m_SortingLayer: 0
  m_SortingOrder: 2
  m_Sprite: {fileID: -4997416760644188656, guid: f9a9508166274214d855dc25b5085d6e,
    type: 3}
  m_Color: {r: 1, g: 1, b: 1, a: 1}
  m_FlipX: 0
  m_FlipY: 0
  m_DrawMode: 0
  m_Size: {x: 0.125, y: 0.21875}
  m_AdaptiveModeThreshold: 0.5
  m_SpriteTileMode: 0
  m_WasSpriteAssigned: 1
  m_MaskInteraction: 0
  m_SpriteSortPoint: 0
--- !u!1 &694990327809932178
GameObject:
  m_ObjectHideFlags: 0
  m_CorrespondingSourceObject: {fileID: 0}
  m_PrefabInstance: {fileID: 0}
  m_PrefabAsset: {fileID: 0}
  serializedVersion: 6
  m_Component:
  - component: {fileID: 694990327809932172}
  - component: {fileID: 694990327809932173}
  m_Layer: 0
  m_Name: numbers01_0
  m_TagString: Untagged
  m_Icon: {fileID: 0}
  m_NavMeshLayer: 0
  m_StaticEditorFlags: 0
  m_IsActive: 1
--- !u!4 &694990328252024592
Transform:
  m_ObjectHideFlags: 0
  m_CorrespondingSourceObject: {fileID: 0}
  m_PrefabInstance: {fileID: 0}
  m_PrefabAsset: {fileID: 0}
  m_GameObject: {fileID: 694990328252024598}
  m_LocalRotation: {x: -0, y: -0, z: -0, w: 1}
  m_LocalPosition: {x: -1.6563039, y: -0.29266453, z: 0.2542553}
  m_LocalScale: {x: 1, y: 1, z: 1}
  m_Children: []
  m_Father: {fileID: 8428932466093909329}
  m_RootOrder: 4
  m_LocalEulerAnglesHint: {x: 0, y: 0, z: 0}
--- !u!212 &694990328252024593
SpriteRenderer:
  m_ObjectHideFlags: 0
  m_CorrespondingSourceObject: {fileID: 0}
  m_PrefabInstance: {fileID: 0}
  m_PrefabAsset: {fileID: 0}
  m_GameObject: {fileID: 694990328252024598}
  m_Enabled: 1
  m_CastShadows: 0
  m_ReceiveShadows: 0
  m_DynamicOccludee: 1
  m_MotionVectors: 1
  m_LightProbeUsage: 1
  m_ReflectionProbeUsage: 1
  m_RenderingLayerMask: 1
  m_RendererPriority: 0
  m_Materials:
  - {fileID: 10754, guid: 0000000000000000f000000000000000, type: 0}
  m_StaticBatchInfo:
    firstSubMesh: 0
    subMeshCount: 0
  m_StaticBatchRoot: {fileID: 0}
  m_ProbeAnchor: {fileID: 0}
  m_LightProbeVolumeOverride: {fileID: 0}
  m_ScaleInLightmap: 1
  m_ReceiveGI: 1
  m_PreserveUVs: 0
  m_IgnoreNormalsForChartDetection: 0
  m_ImportantGI: 0
  m_StitchLightmapSeams: 1
  m_SelectedEditorRenderState: 0
  m_MinimumChartSize: 4
  m_AutoUVMaxDistance: 0.5
  m_AutoUVMaxAngle: 89
  m_LightmapParameters: {fileID: 0}
  m_SortingLayerID: 0
  m_SortingLayer: 0
  m_SortingOrder: 2
  m_Sprite: {fileID: -365076073857439566, guid: f9a9508166274214d855dc25b5085d6e,
    type: 3}
  m_Color: {r: 1, g: 1, b: 1, a: 1}
  m_FlipX: 0
  m_FlipY: 0
  m_DrawMode: 0
  m_Size: {x: 0.125, y: 0.21875}
  m_AdaptiveModeThreshold: 0.5
  m_SpriteTileMode: 0
  m_WasSpriteAssigned: 1
  m_MaskInteraction: 0
  m_SpriteSortPoint: 0
--- !u!1 &694990328252024598
GameObject:
  m_ObjectHideFlags: 0
  m_CorrespondingSourceObject: {fileID: 0}
  m_PrefabInstance: {fileID: 0}
  m_PrefabAsset: {fileID: 0}
  serializedVersion: 6
  m_Component:
  - component: {fileID: 694990328252024592}
  - component: {fileID: 694990328252024593}
  m_Layer: 0
  m_Name: numbers01_1
  m_TagString: Untagged
  m_Icon: {fileID: 0}
  m_NavMeshLayer: 0
  m_StaticEditorFlags: 0
  m_IsActive: 1
--- !u!1001 &8428932466093909325
PrefabInstance:
  m_ObjectHideFlags: 0
  serializedVersion: 2
  m_Modification:
    m_TransformParent: {fileID: 0}
    m_Modifications:
    - target: {fileID: 8044841073417894171, guid: 6508f218b20b2ea4f9f23d4c42c7da21,
        type: 3}
      propertyPath: m_Name
      value: GridEnigma4
      objectReference: {fileID: 0}
    - target: {fileID: 6426676260563580118, guid: 6508f218b20b2ea4f9f23d4c42c7da21,
        type: 3}
      propertyPath: m_LocalPosition.x
      value: -9.01
      objectReference: {fileID: 0}
    - target: {fileID: 6426676260563580118, guid: 6508f218b20b2ea4f9f23d4c42c7da21,
        type: 3}
      propertyPath: m_LocalPosition.y
      value: 13.9
      objectReference: {fileID: 0}
    - target: {fileID: 6426676260563580118, guid: 6508f218b20b2ea4f9f23d4c42c7da21,
        type: 3}
      propertyPath: m_LocalPosition.z
      value: 0
      objectReference: {fileID: 0}
    - target: {fileID: 6426676260563580118, guid: 6508f218b20b2ea4f9f23d4c42c7da21,
        type: 3}
      propertyPath: m_LocalRotation.x
      value: 0
      objectReference: {fileID: 0}
    - target: {fileID: 6426676260563580118, guid: 6508f218b20b2ea4f9f23d4c42c7da21,
        type: 3}
      propertyPath: m_LocalRotation.y
      value: 0
      objectReference: {fileID: 0}
    - target: {fileID: 6426676260563580118, guid: 6508f218b20b2ea4f9f23d4c42c7da21,
        type: 3}
      propertyPath: m_LocalRotation.z
      value: 0
      objectReference: {fileID: 0}
    - target: {fileID: 6426676260563580118, guid: 6508f218b20b2ea4f9f23d4c42c7da21,
        type: 3}
      propertyPath: m_LocalRotation.w
      value: 1
      objectReference: {fileID: 0}
    - target: {fileID: 6426676260563580118, guid: 6508f218b20b2ea4f9f23d4c42c7da21,
        type: 3}
      propertyPath: m_RootOrder
      value: 0
      objectReference: {fileID: 0}
    - target: {fileID: 6426676260563580118, guid: 6508f218b20b2ea4f9f23d4c42c7da21,
        type: 3}
      propertyPath: m_LocalEulerAnglesHint.x
      value: 0
      objectReference: {fileID: 0}
    - target: {fileID: 6426676260563580118, guid: 6508f218b20b2ea4f9f23d4c42c7da21,
        type: 3}
      propertyPath: m_LocalEulerAnglesHint.y
      value: 0
      objectReference: {fileID: 0}
    - target: {fileID: 6426676260563580118, guid: 6508f218b20b2ea4f9f23d4c42c7da21,
        type: 3}
      propertyPath: m_LocalEulerAnglesHint.z
      value: 0
      objectReference: {fileID: 0}
    - target: {fileID: 2743408688449959167, guid: 6508f218b20b2ea4f9f23d4c42c7da21,
        type: 3}
      propertyPath: m_RootOrder
      value: 0
      objectReference: {fileID: 0}
    - target: {fileID: 8428932464676957484, guid: 6508f218b20b2ea4f9f23d4c42c7da21,
        type: 3}
      propertyPath: m_RootOrder
      value: 1
      objectReference: {fileID: 0}
    - target: {fileID: 8428932464665631125, guid: 6508f218b20b2ea4f9f23d4c42c7da21,
        type: 3}
      propertyPath: m_RootOrder
      value: 2
      objectReference: {fileID: 0}
    - target: {fileID: 8428932464636902184, guid: 6508f218b20b2ea4f9f23d4c42c7da21,
        type: 3}
      propertyPath: m_RootOrder
      value: 3
      objectReference: {fileID: 0}
    - target: {fileID: 8428932465054921472, guid: 6508f218b20b2ea4f9f23d4c42c7da21,
        type: 3}
      propertyPath: m_RootOrder
      value: 4
      objectReference: {fileID: 0}
    - target: {fileID: 883301981602802432, guid: 6508f218b20b2ea4f9f23d4c42c7da21,
        type: 3}
      propertyPath: m_IsActive
      value: 1
      objectReference: {fileID: 0}
    - target: {fileID: 1588198084325011311, guid: 6508f218b20b2ea4f9f23d4c42c7da21,
        type: 3}
      propertyPath: m_RootOrder
      value: 5
      objectReference: {fileID: 0}
    - target: {fileID: 8428932464636902185, guid: 6508f218b20b2ea4f9f23d4c42c7da21,
        type: 3}
      propertyPath: m_IsActive
      value: 0
      objectReference: {fileID: 0}
    - target: {fileID: 3619993540475802916, guid: 6508f218b20b2ea4f9f23d4c42c7da21,
        type: 3}
      propertyPath: m_RootOrder
      value: 6
      objectReference: {fileID: 0}
    - target: {fileID: 653896293104355846, guid: 6508f218b20b2ea4f9f23d4c42c7da21,
        type: 3}
      propertyPath: m_RootOrder
      value: 7
      objectReference: {fileID: 0}
    - target: {fileID: 7828185183605791819, guid: 6508f218b20b2ea4f9f23d4c42c7da21,
        type: 3}
      propertyPath: m_RootOrder
      value: 8
      objectReference: {fileID: 0}
    - target: {fileID: 4248714012824800740, guid: 6508f218b20b2ea4f9f23d4c42c7da21,
        type: 3}
      propertyPath: m_RootOrder
      value: 9
      objectReference: {fileID: 0}
    - target: {fileID: 8428932464665631130, guid: 6508f218b20b2ea4f9f23d4c42c7da21,
        type: 3}
      propertyPath: m_IsActive
      value: 0
      objectReference: {fileID: 0}
    - target: {fileID: 7828185183265054269, guid: 6508f218b20b2ea4f9f23d4c42c7da21,
        type: 3}
      propertyPath: m_RootOrder
      value: 6
      objectReference: {fileID: 0}
    - target: {fileID: 4140935095150565273, guid: 6508f218b20b2ea4f9f23d4c42c7da21,
        type: 3}
      propertyPath: m_RootOrder
      value: 7
      objectReference: {fileID: 0}
    - target: {fileID: 8428932464676957485, guid: 6508f218b20b2ea4f9f23d4c42c7da21,
        type: 3}
      propertyPath: m_IsActive
      value: 0
      objectReference: {fileID: 0}
    - target: {fileID: 7828185183056511986, guid: 6508f218b20b2ea4f9f23d4c42c7da21,
        type: 3}
      propertyPath: m_RootOrder
      value: 5
      objectReference: {fileID: 0}
    - target: {fileID: 2957555944943063346, guid: 6508f218b20b2ea4f9f23d4c42c7da21,
        type: 3}
      propertyPath: m_RootOrder
      value: 6
      objectReference: {fileID: 0}
    - target: {fileID: 8428932465054921473, guid: 6508f218b20b2ea4f9f23d4c42c7da21,
        type: 3}
      propertyPath: m_IsActive
      value: 0
      objectReference: {fileID: 0}
    - target: {fileID: 7828185183392108760, guid: 6508f218b20b2ea4f9f23d4c42c7da21,
        type: 3}
      propertyPath: m_RootOrder
      value: 6
      objectReference: {fileID: 0}
    - target: {fileID: 2975867253420008580, guid: 6508f218b20b2ea4f9f23d4c42c7da21,
        type: 3}
      propertyPath: m_RootOrder
      value: 7
      objectReference: {fileID: 0}
    - target: {fileID: 7189176782838501853, guid: 6508f218b20b2ea4f9f23d4c42c7da21,
        type: 3}
      propertyPath: m_RootOrder
      value: 8
      objectReference: {fileID: 0}
    - target: {fileID: 1588198085236643967, guid: 6508f218b20b2ea4f9f23d4c42c7da21,
        type: 3}
      propertyPath: fsm.states.Array.data[1].actionData.fsmOwnerDefaultParams.Array.data[0].gameObject.value
      value: 
      objectReference: {fileID: 186076776}
    - target: {fileID: 1588198085423979700, guid: 6508f218b20b2ea4f9f23d4c42c7da21,
        type: 3}
      propertyPath: fsm.states.Array.data[1].actionData.fsmOwnerDefaultParams.Array.data[0].gameObject.value
      value: 
      objectReference: {fileID: 186076776}
    - target: {fileID: 4396230620411711527, guid: 6508f218b20b2ea4f9f23d4c42c7da21,
        type: 3}
      propertyPath: fsm.states.Array.data[1].actionData.fsmOwnerDefaultParams.Array.data[0].gameObject.value
      value: 
      objectReference: {fileID: 186076776}
    - target: {fileID: 4396230621378610776, guid: 6508f218b20b2ea4f9f23d4c42c7da21,
        type: 3}
      propertyPath: fsm.states.Array.data[1].actionData.fsmOwnerDefaultParams.Array.data[0].gameObject.value
      value: 
      objectReference: {fileID: 186076776}
    - target: {fileID: 4396230621543030818, guid: 6508f218b20b2ea4f9f23d4c42c7da21,
        type: 3}
      propertyPath: fsm.states.Array.data[1].actionData.fsmOwnerDefaultParams.Array.data[0].gameObject.value
      value: 
      objectReference: {fileID: 186076776}
    - target: {fileID: 4396230622534648748, guid: 6508f218b20b2ea4f9f23d4c42c7da21,
        type: 3}
      propertyPath: fsm.states.Array.data[1].actionData.fsmOwnerDefaultParams.Array.data[0].gameObject.value
      value: 
      objectReference: {fileID: 186076776}
    - target: {fileID: 7828185182041305129, guid: 6508f218b20b2ea4f9f23d4c42c7da21,
        type: 3}
      propertyPath: fsm.states.Array.data[1].actionData.fsmOwnerDefaultParams.Array.data[0].gameObject.value
      value: 
      objectReference: {fileID: 186076776}
    - target: {fileID: 7828185182250102246, guid: 6508f218b20b2ea4f9f23d4c42c7da21,
        type: 3}
      propertyPath: fsm.states.Array.data[1].actionData.fsmOwnerDefaultParams.Array.data[0].gameObject.value
      value: 
      objectReference: {fileID: 186076776}
    - target: {fileID: 7828185182377288451, guid: 6508f218b20b2ea4f9f23d4c42c7da21,
        type: 3}
      propertyPath: fsm.states.Array.data[1].actionData.fsmOwnerDefaultParams.Array.data[0].gameObject.value
      value: 
      objectReference: {fileID: 186076776}
    - target: {fileID: 7828185182574194576, guid: 6508f218b20b2ea4f9f23d4c42c7da21,
        type: 3}
      propertyPath: fsm.states.Array.data[1].actionData.fsmOwnerDefaultParams.Array.data[0].gameObject.value
      value: 
      objectReference: {fileID: 186076776}
    m_RemovedComponents: []
  m_SourcePrefab: {fileID: 100100000, guid: 6508f218b20b2ea4f9f23d4c42c7da21, type: 3}
--- !u!4 &8428932466093909326 stripped
Transform:
  m_CorrespondingSourceObject: {fileID: 8428932465054921472, guid: 6508f218b20b2ea4f9f23d4c42c7da21,
    type: 3}
  m_PrefabInstance: {fileID: 8428932466093909325}
  m_PrefabAsset: {fileID: 0}
--- !u!4 &8428932466093909327 stripped
Transform:
  m_CorrespondingSourceObject: {fileID: 8428932464636902184, guid: 6508f218b20b2ea4f9f23d4c42c7da21,
    type: 3}
  m_PrefabInstance: {fileID: 8428932466093909325}
  m_PrefabAsset: {fileID: 0}
--- !u!4 &8428932466093909328 stripped
Transform:
  m_CorrespondingSourceObject: {fileID: 8428932464665631125, guid: 6508f218b20b2ea4f9f23d4c42c7da21,
    type: 3}
  m_PrefabInstance: {fileID: 8428932466093909325}
  m_PrefabAsset: {fileID: 0}
--- !u!4 &8428932466093909329 stripped
Transform:
  m_CorrespondingSourceObject: {fileID: 8428932464676957484, guid: 6508f218b20b2ea4f9f23d4c42c7da21,
    type: 3}
  m_PrefabInstance: {fileID: 8428932466093909325}
  m_PrefabAsset: {fileID: 0}
--- !u!4 &8428932466093909330 stripped
Transform:
  m_CorrespondingSourceObject: {fileID: 2743408688449959167, guid: 6508f218b20b2ea4f9f23d4c42c7da21,
    type: 3}
  m_PrefabInstance: {fileID: 8428932466093909325}
  m_PrefabAsset: {fileID: 0}
